@article{DBLP:journals/corr/SkowronFL14,
  author    = {Piotr Skowron and
               Piotr Faliszewski and
               J{\'{e}}r{\^{o}}me Lang},
  title     = {Finding a Collective Set of Items: From Proportional Multirepresentation
               to Group Recommendation},
  journal   = {CoRR},
  volume    = {abs/1402.3044},
  year      = {2014},
  url       = {http://arxiv.org/abs/1402.3044},
  timestamp = {Wed, 05 Mar 2014 14:43:44 +0100},
  biburl    = {http://dblp.uni-trier.de/rec/bib/journals/corr/SkowronFL14},
  bibsource = {dblp computer science bibliography, http://dblp.org}
}
Group Recommendation: Semantics and Efficiency:
http://www-db.deis.unibo.it/courses/SI-LS/papers4pres/ABC+09.pdf

The complete phd thesis of Piotr:
https://www.mimuw.edu.pl/~ps219737/phdThesis.pdf

Interesting overview
https://core.ac.uk/download/pdf/21748841.pdf